<collection xmlns="http://www.loc.gov/MARC21/slim"><record><leader>00812nam  2200241   450</leader><controlfield tag="001">243</controlfield><controlfield tag="003">http://montalegre.opacnet.com/OPAC/default.aspx?ContentAreaControl=ShowRegHoldings.ascx&amp;RegNo=16662</controlfield><controlfield tag="005">20</controlfield><datafield tag="095" ind1=" " ind2=" "><subfield code="a">PTBN00027797</subfield></datafield><datafield tag="100" ind1=" " ind2=" "><subfield code="a">20061013d1984    m  y0pora010305  ba</subfield></datafield><datafield tag="101" ind1="1" ind2=" "><subfield code="a">por</subfield><subfield code="c">eng</subfield></datafield><datafield tag="102" ind1=" " ind2=" "><subfield code="a">PT</subfield></datafield><datafield tag="200" ind1="1" ind2=" "><subfield code="a">Mocidade</subfield><subfield code="e">&lt;uma &gt;narrativa</subfield><subfield code="f">Joseph Conrad</subfield><subfield code="g">trad. Aníbal Fernandes</subfield><subfield code="g">il. Ilda David</subfield></datafield><datafield tag="210" ind1=" " ind2=" "><subfield code="a">Lisboa</subfield><subfield code="c">Assírio &amp; Alvim</subfield><subfield code="d">1984</subfield></datafield><datafield tag="215" ind1=" " ind2=" "><subfield code="a">76, [3] p.</subfield><subfield code="c">il.</subfield><subfield code="d">19 cm</subfield></datafield><datafield tag="225" ind1="2" ind2=" "><subfield code="a">Gato maltês</subfield><subfield code="v">7</subfield></datafield><datafield tag="304" ind1=" " ind2=" "><subfield code="a">Tít. orig. Youth : a narrative</subfield></datafield><datafield tag="675" ind1=" " ind2=" "><subfield code="a">821</subfield><subfield code="v">bn</subfield><subfield code="z">por</subfield></datafield><datafield tag="700" ind1=" " ind2="1"><subfield code="a">Conrad</subfield><subfield code="b">Joseph</subfield><subfield code="f">1857-1924</subfield></datafield><datafield tag="702" ind1=" " ind2="1"><subfield code="a">Fernandes</subfield><subfield code="b">Aníbal</subfield><subfield code="f">1944-</subfield><subfield code="4">730</subfield></datafield><datafield tag="702" ind1=" " ind2="1"><subfield code="a">David</subfield><subfield code="b">Ilda</subfield><subfield code="f">1956-</subfield><subfield code="4">440</subfield></datafield><datafield tag="801" ind1=" " ind2="0"><subfield code="a">PT</subfield><subfield code="b">Biblioteca Municipal de Montalegre</subfield><subfield code="g">RPC</subfield></datafield><datafield tag="856" ind1=" " ind2=" "><subfield code="u">locateMedia.asp?cod=20060510153545&amp;ext=jpg</subfield><subfield code="z">CAPA</subfield></datafield><datafield tag="909" ind1="&#9;" ind2=" "><subfield code="a">1</subfield></datafield><datafield tag="966" ind1=" " ind2=" "><subfield code="a">0008722</subfield><subfield code="l">BMM</subfield><subfield code="s">SCG 821 CON moc 7</subfield></datafield></record></collection>